%YAML 1.1
%TAG !u! tag:unity3d.com,2011:
--- !u!1001 &100100000
Prefab:
  m_ObjectHideFlags: 1
  serializedVersion: 2
  m_Modification:
    m_TransformParent: {fileID: 0}
    m_Modifications: []
    m_RemovedComponents: []
  m_ParentPrefab: {fileID: 0}
  m_RootGameObject: {fileID: 1132189895280580}
  m_IsPrefabParent: 1
--- !u!1 &1132189895280580
GameObject:
  m_ObjectHideFlags: 0
  m_PrefabParentObject: {fileID: 0}
  m_PrefabInternal: {fileID: 100100000}
  serializedVersion: 5
  m_Component:
  - component: {fileID: 4987114034392162}
  - component: {fileID: 212475112664298108}
  - component: {fileID: 61345440342553044}
  - component: {fileID: 50083278258422500}
  - component: {fileID: 114075346772642878}
  - component: {fileID: 114764591795573528}
  - component: {fileID: 114420795881115808}
  - component: {fileID: 114116966577020540}
  m_Layer: 0
  m_Name: Bear
  m_TagString: Target
  m_Icon: {fileID: 0}
  m_NavMeshLayer: 0
  m_StaticEditorFlags: 0
  m_IsActive: 1
--- !u!1 &1149320849342822
GameObject:
  m_ObjectHideFlags: 0
  m_PrefabParentObject: {fileID: 0}
  m_PrefabInternal: {fileID: 100100000}
  serializedVersion: 5
  m_Component:
  - component: {fileID: 4014634730442578}
  - component: {fileID: 61904402297168060}
  - component: {fileID: 114053925040146960}
  m_Layer: 0
  m_Name: Hit Area
  m_TagString: Untagged
  m_Icon: {fileID: 0}
  m_NavMeshLayer: 0
  m_StaticEditorFlags: 0
  m_IsActive: 1
--- !u!1 &1436427009070628
GameObject:
  m_ObjectHideFlags: 0
  m_PrefabParentObject: {fileID: 0}
  m_PrefabInternal: {fileID: 100100000}
  serializedVersion: 5
  m_Component:
  - component: {fileID: 4200155326325068}
  - component: {fileID: 61382455153843190}
  - component: {fileID: 114405832866541900}
  m_Layer: 0
  m_Name: Step
  m_TagString: Untagged
  m_Icon: {fileID: 0}
  m_NavMeshLayer: 0
  m_StaticEditorFlags: 0
  m_IsActive: 0
--- !u!4 &4014634730442578
Transform:
  m_ObjectHideFlags: 1
  m_PrefabParentObject: {fileID: 0}
  m_PrefabInternal: {fileID: 100100000}
  m_GameObject: {fileID: 1149320849342822}
  m_LocalRotation: {x: 0, y: 0, z: 0, w: 1}
  m_LocalPosition: {x: 0, y: 0, z: 0}
  m_LocalScale: {x: 1, y: 1, z: 1}
  m_Children: []
  m_Father: {fileID: 4987114034392162}
  m_RootOrder: 1
  m_LocalEulerAnglesHint: {x: 0, y: 0, z: 0}
--- !u!4 &4200155326325068
Transform:
  m_ObjectHideFlags: 1
  m_PrefabParentObject: {fileID: 0}
  m_PrefabInternal: {fileID: 100100000}
  m_GameObject: {fileID: 1436427009070628}
  m_LocalRotation: {x: 0, y: 0, z: 0, w: 1}
  m_LocalPosition: {x: 0, y: -0.112, z: 0}
  m_LocalScale: {x: 0.2, y: 0.01, z: 1}
  m_Children: []
  m_Father: {fileID: 4987114034392162}
  m_RootOrder: 0
  m_LocalEulerAnglesHint: {x: 0, y: 0, z: 0}
--- !u!4 &4987114034392162
Transform:
  m_ObjectHideFlags: 1
  m_PrefabParentObject: {fileID: 0}
  m_PrefabInternal: {fileID: 100100000}
  m_GameObject: {fileID: 1132189895280580}
  m_LocalRotation: {x: -0, y: -0, z: -0, w: 1}
  m_LocalPosition: {x: 45.48, y: 1.49, z: 0}
  m_LocalScale: {x: 1, y: 1, z: 1}
  m_Children:
  - {fileID: 4200155326325068}
  - {fileID: 4014634730442578}
  m_Father: {fileID: 0}
  m_RootOrder: 0
  m_LocalEulerAnglesHint: {x: 0, y: 0, z: 0}
--- !u!50 &50083278258422500
Rigidbody2D:
  serializedVersion: 4
  m_ObjectHideFlags: 1
  m_PrefabParentObject: {fileID: 0}
  m_PrefabInternal: {fileID: 100100000}
  m_GameObject: {fileID: 1132189895280580}
  m_BodyType: 0
  m_Simulated: 1
  m_UseFullKinematicContacts: 0
  m_UseAutoMass: 0
  m_Mass: 1
  m_LinearDrag: 0
  m_AngularDrag: 0.05
  m_GravityScale: 1
  m_Material: {fileID: 0}
  m_Interpolate: 0
  m_SleepingMode: 1
  m_CollisionDetection: 0
  m_Constraints: 4
--- !u!61 &61345440342553044
BoxCollider2D:
  m_ObjectHideFlags: 1
  m_PrefabParentObject: {fileID: 0}
  m_PrefabInternal: {fileID: 100100000}
  m_GameObject: {fileID: 1132189895280580}
  m_Enabled: 1
  m_Density: 1
  m_Material: {fileID: 0}
  m_IsTrigger: 0
  m_UsedByEffector: 0
  m_UsedByComposite: 0
  m_Offset: {x: 0, y: 0}
  m_SpriteTilingProperty:
    border: {x: 0, y: 0, z: 0, w: 0}
    pivot: {x: 0.5, y: 0.5}
    oldSize: {x: 1.08, y: 0.97}
    newSize: {x: 2.56, y: 2.56}
    adaptiveTilingThreshold: 0.5
    drawMode: 0
    adaptiveTiling: 0
  m_AutoTiling: 0
  serializedVersion: 2
  m_Size: {x: 0.5, y: 1}
  m_EdgeRadius: 0
--- !u!61 &61382455153843190
BoxCollider2D:
  m_ObjectHideFlags: 1
  m_PrefabParentObject: {fileID: 0}
  m_PrefabInternal: {fileID: 100100000}
  m_GameObject: {fileID: 1436427009070628}
  m_Enabled: 1
  m_Density: 1
  m_Material: {fileID: 0}
  m_IsTrigger: 1
  m_UsedByEffector: 0
  m_UsedByComposite: 0
  m_Offset: {x: 0, y: 0}
  m_SpriteTilingProperty:
    border: {x: 0, y: 0, z: 0, w: 0}
    pivot: {x: 0, y: 0}
    oldSize: {x: 0, y: 0}
    newSize: {x: 0, y: 0}
    adaptiveTilingThreshold: 0
    drawMode: 0
    adaptiveTiling: 0
  m_AutoTiling: 0
  serializedVersion: 2
  m_Size: {x: 1, y: 1}
  m_EdgeRadius: 0
--- !u!61 &61904402297168060
BoxCollider2D:
  m_ObjectHideFlags: 1
  m_PrefabParentObject: {fileID: 0}
  m_PrefabInternal: {fileID: 100100000}
  m_GameObject: {fileID: 1149320849342822}
  m_Enabled: 1
  m_Density: 1
  m_Material: {fileID: 0}
  m_IsTrigger: 1
  m_UsedByEffector: 0
  m_UsedByComposite: 0
  m_Offset: {x: 0, y: 0}
  m_SpriteTilingProperty:
    border: {x: 0, y: 0, z: 0, w: 0}
    pivot: {x: 0, y: 0}
    oldSize: {x: 0, y: 0}
    newSize: {x: 0, y: 0}
    adaptiveTilingThreshold: 0
    drawMode: 0
    adaptiveTiling: 0
  m_AutoTiling: 0
  serializedVersion: 2
  m_Size: {x: 1.28, y: 1.28}
  m_EdgeRadius: 0
--- !u!114 &114053925040146960
MonoBehaviour:
  m_ObjectHideFlags: 1
  m_PrefabParentObject: {fileID: 0}
  m_PrefabInternal: {fileID: 100100000}
  m_GameObject: {fileID: 1149320849342822}
  m_Enabled: 1
  m_EditorHideFlags: 0
  m_Script: {fileID: 11500000, guid: 9e5cb0b18d69adc43a0ea6f3eeff911e, type: 3}
  m_Name: 
  m_EditorClassIdentifier: 
  time:
    firingInterval: 0
    startFire: 0
    endFire: 0
    reloadTime: 0
    burstCount: 0
  physics:
    energyCost: 0
    usageCost: 0
    range: 0
    enableLockOn: 1
    lockboxW: 0
    lockboxH: 0
    recoil: 0
  spawnProperties:
    ammo: []
    startPoint: {fileID: 0}
    shotDirection: {fileID: 0}
    muzzleFlash: {fileID: 0}
    shotOffsetX: 0
    shotOffsetY: 0
    shotsPerBatch: 0
    enableFiring: 1
  noOfRounds: 180
  roundsPerMag: 30
  minAccuracy: 100
  maxAccuracy: 100
  averageAccuracyAngle: 0
  behaviorSfx:
    source: {fileID: 0}
    reloadSound: {fileID: 0}
    ammoOutSound: {fileID: 0}
    punchSound: {fileID: 8300000, guid: 1631cd8da5dc8354597a6a87476e471f, type: 3}
  firingMode: automatic
  weaponLockType: SPECIAL
  ammo: 
  mouseBtnIndex: 0
  showDebugLog: 0
  hitCollision:
    enableHitCollision: 1
    impact: 0
    damage: 25
    targetName: Player
    attackName: IsBearAttacking
    animator: {fileID: 0}
    scoreCost: 5
    stopFollow: 1
  move: {fileID: 0}
--- !u!114 &114075346772642878
MonoBehaviour:
  m_ObjectHideFlags: 1
  m_PrefabParentObject: {fileID: 0}
  m_PrefabInternal: {fileID: 100100000}
  m_GameObject: {fileID: 1132189895280580}
  m_Enabled: 1
  m_EditorHideFlags: 0
  m_Script: {fileID: 11500000, guid: 1fe957dea070e944d84623ed3b34ab02, type: 3}
  m_Name: 
  m_EditorClassIdentifier: 
  speed:
    x: 0.041
    y: 0
    z: 0
  key:
    left: 0
    right: 0
  AI:
    enable: 1
    target: {fileID: 0}
    distance: 14.5
    followTarget: 1
    pause: 0
    followHorizontalOnly: 1
    selfMove:
      minTime: 5
      maxTime: 10
      stopTime: 3
      st: 0
      pause: 0
    runName: IsBearRunning
  camTransition:
    offsetX: 0
    offsetY: 0
    speedX: 0
    speedY1: 0
    speedY2: 0
    cam: {fileID: 0}
  source: {fileID: 0}
  moveSfx: {fileID: 0}
  step: {fileID: 0}
--- !u!114 &114116966577020540
MonoBehaviour:
  m_ObjectHideFlags: 1
  m_PrefabParentObject: {fileID: 0}
  m_PrefabInternal: {fileID: 100100000}
  m_GameObject: {fileID: 1132189895280580}
  m_Enabled: 1
  m_EditorHideFlags: 0
  m_Script: {fileID: 11500000, guid: da53c73e2549c804b8ae5f1ededefe6a, type: 3}
  m_Name: 
  m_EditorClassIdentifier: 
  amount: 500
  text: {fileID: 0}
  isBot: 1
--- !u!114 &114405832866541900
MonoBehaviour:
  m_ObjectHideFlags: 1
  m_PrefabParentObject: {fileID: 0}
  m_PrefabInternal: {fileID: 100100000}
  m_GameObject: {fileID: 1436427009070628}
  m_Enabled: 1
  m_EditorHideFlags: 0
  m_Script: {fileID: 11500000, guid: b88c512873552d8448e8f31ef58cf982, type: 3}
  m_Name: 
  m_EditorClassIdentifier: 
  isLanded: 0
  source: {fileID: 0}
  landSfx: {fileID: 0}
--- !u!114 &114420795881115808
MonoBehaviour:
  m_ObjectHideFlags: 1
  m_PrefabParentObject: {fileID: 0}
  m_PrefabInternal: {fileID: 100100000}
  m_GameObject: {fileID: 1132189895280580}
  m_Enabled: 0
  m_EditorHideFlags: 0
  m_Script: {fileID: 11500000, guid: 9e5cb0b18d69adc43a0ea6f3eeff911e, type: 3}
  m_Name: 
  m_EditorClassIdentifier: 
  time:
    firingInterval: 0
    startFire: 0
    endFire: 0
    reloadTime: 0
    burstCount: 0
  physics:
    energyCost: 0
    usageCost: 0
    range: 0
    enableLockOn: 1
    lockboxW: 0
    lockboxH: 0
    recoil: 0
  spawnProperties:
    ammo: []
    startPoint: {fileID: 0}
    shotDirection: {fileID: 0}
    muzzleFlash: {fileID: 0}
    shotOffsetX: 0
    shotOffsetY: 0
    shotsPerBatch: 0
    enableFiring: 1
  noOfRounds: 180
  roundsPerMag: 30
  minAccuracy: 100
  maxAccuracy: 100
  averageAccuracyAngle: 0
  behaviorSfx:
    source: {fileID: 0}
    reloadSound: {fileID: 0}
    ammoOutSound: {fileID: 0}
    punchSound: {fileID: 0}
  firingMode: automatic
  weaponLockType: SPECIAL
  ammo: 
  mouseBtnIndex: 0
  showDebugLog: 0
  hitCollision:
    enableHitCollision: 1
    impact: 2
    damage: 10
    targetName: Sprite
    attackName: 
    animator: {fileID: 0}
    scoreCost: 50
    stopFollow: 1
  move: {fileID: 0}
--- !u!114 &114764591795573528
MonoBehaviour:
  m_ObjectHideFlags: 1
  m_PrefabParentObject: {fileID: 0}
  m_PrefabInternal: {fileID: 100100000}
  m_GameObject: {fileID: 1132189895280580}
  m_Enabled: 1
  m_EditorHideFlags: 0
  m_Script: {fileID: 11500000, guid: 179c08d8ed52937478ec71fa40c4a95e, type: 3}
  m_Name: 
  m_EditorClassIdentifier: 
  height: 6
  button: 0
  step: {fileID: 114405832866541900}
  source: {fileID: 0}
  jumpSfx: {fileID: 0}
--- !u!212 &212475112664298108
SpriteRenderer:
  m_ObjectHideFlags: 1
  m_PrefabParentObject: {fileID: 0}
  m_PrefabInternal: {fileID: 100100000}
  m_GameObject: {fileID: 1132189895280580}
  m_Enabled: 1
  m_CastShadows: 0
  m_ReceiveShadows: 0
  m_DynamicOccludee: 1
  m_MotionVectors: 1
  m_LightProbeUsage: 1
  m_ReflectionProbeUsage: 1
  m_Materials:
  - {fileID: 10754, guid: 0000000000000000f000000000000000, type: 0}
  m_StaticBatchInfo:
    firstSubMesh: 0
    subMeshCount: 0
  m_StaticBatchRoot: {fileID: 0}
  m_ProbeAnchor: {fileID: 0}
  m_LightProbeVolumeOverride: {fileID: 0}
  m_ScaleInLightmap: 1
  m_PreserveUVs: 0
  m_IgnoreNormalsForChartDetection: 0
  m_ImportantGI: 0
  m_StitchLightmapSeams: 0
  m_SelectedEditorRenderState: 0
  m_MinimumChartSize: 4
  m_AutoUVMaxDistance: 0.5
  m_AutoUVMaxAngle: 89
  m_LightmapParameters: {fileID: 0}
  m_SortingLayerID: 0
  m_SortingLayer: 0
  m_SortingOrder: 0
  m_Sprite: {fileID: 21300006, guid: 5ab73b66e68083f418d586625b57d3df, type: 3}
  m_Color: {r: 1, g: 0.83823526, b: 0.84827584, a: 1}
  m_FlipX: 0
  m_FlipY: 0
  m_DrawMode: 0
  m_Size: {x: 2.56, y: 2.56}
  m_AdaptiveModeThreshold: 0.5
  m_SpriteTileMode: 0
  m_WasSpriteAssigned: 1
  m_MaskInteraction: 0
